%% This BibTeX bibliography file was created using BibDesk.
%% https://bibdesk.sourceforge.io/

%% Created for Mathieu Bourdenx at 2021-01-07 13:29:01 +0100 


%% Saved with string encoding Unicode (UTF-8) 



@article{Fonkeu2019,
	author = {Fonkeu, Y. and Kraynyukova, N. and Hafner, A. S. and Kochen, L. and Sartori, F. and Schuman, E. M. and Tchumatchenko, T.},
	date-added = {2021-01-07 10:47:59 +0100},
	date-modified = {2021-01-07 10:48:09 +0100},
	journal = {Neuron},
	month = {09},
	number = {6},
	pages = {1109--1122},
	title = {{{H}ow m{R}{N}{A} {L}ocalization and {P}rotein {S}ynthesis {S}ites {I}nfluence {D}endritic {P}rotein {D}istribution and {D}ynamics}},
	volume = {103},
	year = {2019}}

@article{Younts2016,
	author = {Younts, T. J. and Monday, H. R. and Dudok, B. and Klein, M. E. and Jordan, B. A. and Katona, I. and Castillo, P. E.},
	date-added = {2021-01-06 15:53:05 +0100},
	date-modified = {2021-01-07 13:29:00 +0100},
	journal = {Neuron},
	month = {10},
	number = {2},
	pages = {479--492},
	title = {{{P}resynaptic {P}rotein {S}ynthesis {I}s {R}equired for {L}ong-{T}erm {P}lasticity of {G}{A}{B}{A} {R}elease}},
	volume = {92},
	year = {2016}}

@article{Hafner2019,
	author = {Hafner, A. S. and Donlin-Asp, P. G. and Leitch, B. and Herzog, E. and Schuman, E. M.},
	date-added = {2021-01-06 15:51:33 +0100},
	date-modified = {2021-01-06 16:02:49 +0100},
	journal = {Science},
	month = {05},
	number = {6441},
	title = {{{L}ocal protein synthesis is a ubiquitous feature of neuronal pre- and postsynaptic compartments}},
	volume = {364},
	year = {2019}}
